@article{1a,
  author        = "J. Bethencourt, A. Sahai, and B. Waters",
  title         = "Ciphertext-policy attributebased encryption",
journal     = "{IEEE} Symposium on security and Privacy",
  year          = "May 2007"
}

@article{2a,
  author        = "Shulan Wang, Junwei Zhou, Member, IEEE, Joseph K. Liu, Member, IEEE,Jianping Yu, Jianyong Chen, and Weixin Xie",
  title         = "An Efficient File Hierarchy Attribute-Based Encryption Scheme in Cloud Computing",
  journal       = "IEEE TRANSACTIONS ON INFORMATION FORENSICS AND       SECURITY",
  volume        = "11,No.6",
  year         = "JUNE 2016"
}

@article{3a,
  author        = "C.-K. Chu, W.-T. Zhu, J. Han, J.-K. Liu, J. Xu, and J. Zhou",
  title         = "Security concerns in popular cloud storage services",
  journal       = "IEEE Pervasive Comput.",
  volume        = "vol. 12, no. 4",
  year         = "Oct./Dec. 2013"
}

@article{4a,
  author        = "T. Jiang, X. Chen, J. Li, D. S. Wong, J. Ma, and J. Liu",
  title         = "TIMER: Secure
and reliable cloud storage against data re-outsourcing",
  journal       = "Proc. 10th Int.
Conf. Inf. Secur. Pract. Exper",
  volume        = "vol. 8434",
  year         = "May 2014"
}


@inproceedings{gs97,
  author        = "R. K. Gupta and S. D. Senturia",
  title         = "Pull-in Time Dynamics as a Measure of Absolute Pressure",
  booktitle     = "Proc. {IEEE} International Workshop on
                   Microelectromechanical Systems ({MEMS}'97)",
  address       = "Nagoya, Japan",
  month         = jan,
  year          = "1997",
  pages         = "290-294"
}

@book{cu72,
  author        = "B. D. Cullity",
  title         = "Introduction to Magnetic Materials",
  publisher     = "Addison-Wesley",
  address       = "Reading, MA",
  year          = "1972"
}

@manual{mo96,
  title         = "{FLEXChip} Signal Processor ({MC68175/D})",
  organization  = "Motorola",
  year          = "1996"
}


@techreport{jrc87,
  author        = "R. Jain and K. K. Ramakrishnan and D. M. Chiu",
  title         = "Congestion Avoidance in Computer Networks with a 
                   Connectionless Network Layer",
  institution   = "Digital Equipment Corporation",
  address       = "MA",
  number        = "DEC-TR-506",
  month         = "Aug",
  year          = "1987"
}

@mastersthesis{ka99,
  author        = "A. Karnik",
  title         = "Performance of {TCP} Congestion Control with Rate
                   Feedback: {TCP/ABR} and Rate Adaptive {TCP/IP}",
  school        = "Indian Institute of Science",
  type          = "M. Eng. thesis",
  address       = "Bangalore, India",
  month         = "jan",
  year          = "1999"
}

@phdthesis{li2000,
  author        = "Q. Li",
  title         = "Delay Characterization and Performance Control of
                   Wide-area Networks",
  school        = "Univ. of Delaware",
  address       = "Newark",
  month         = may,
  year          = "2000",
  url           = "http://www.ece.udel.edu/~qli"
}

@misc{ro94,
  author        = "L. Roberts",
  title         = "Enhanced Proportional Rate Control Algorithm {PRCA}",
  howpublished  = "{ATM} Forum Contribution 94-0735R1",
  month         = aug,
  year          = "1994"
}