@misc{wiki:rs,
   author = "Wikipedia",
   title = "Reputation system --- Wikipedia{,} The Free Encyclopedia",
   year = "2013",
   url = "\url{http://en.wikipedia.org/w/index.php?title=Reputation_system&oldid=550249363}",
   note = "[Online; accessed 9-December-2013]"
 }

@inproceedings{ly,
 author = {Liu, Yuhong and Sun, Yan Lindsay },
 title = {Anomaly Detection in Feedback-based Reputation Systems through Temporal and Correlation Analysis},
 booktitle = {SOCIALCOM'10},
 year = {2010},
 pages = {65--72},
 doi = {10.1109/SocialCom.2010.19},
 address = {Washington, DC, USA},
} 

@inproceedings{jh,
 author = {Josang, Audun and Haller, Jochen},
 title = {Dirichlet Reputation Systems},
 booktitle = {ARES'07},
  year = {2007},
  pages = {112--119},
  doi = {10.1109/ARES.2007.71},
  address = {Washington, DC, USA},
} 

@INPROCEEDINGS{yyt,
author={Yuhong Liu and Yan Sun and Ting Yu},
booktitle={Privacy, security, risk and trust (passat), 2011 ieee third international conference on and 2011 ieee third international conference on social computing (socialcom)}, title={Defending Multiple-User-Multiple-Target Attacks in Online Reputation Systems},
year={2011},
pages={425 -434},
doi={10.1109/PASSAT/SocialCom.2011.227},
}
